@misc{PrinCellCircuits,
    title={Principles of Cell Circuits for Tissue Repair and Fibrosis},
    author={Miri Adler et al.},
    year={2020}
}